<record><leader>00000cas a22000007a 4500</leader><controlfield tag="001">10193432</controlfield><controlfield tag="008">831206d19011904ksuwr ne      0   a0eng d</controlfield><datafield ind1=" " ind2=" " tag="010"><subfield code="a">sn 83040996 </subfield></datafield><datafield ind1=" " ind2=" " tag="040"><subfield code="a">KSH</subfield><subfield code="b">eng</subfield><subfield code="c">KSH</subfield><subfield code="d">NPT</subfield><subfield code="d">OCLCQ</subfield></datafield><datafield ind1=" " ind2=" " tag="042"><subfield code="a">msc</subfield></datafield><datafield ind1=" " ind2=" " tag="043"><subfield code="a">n-us-ks</subfield></datafield><datafield ind1="0" ind2="4" tag="245"><subfield code="a">The Kansas optimist and republican.</subfield></datafield><datafield ind1=" " ind2=" " tag="260"><subfield code="a">Jamestown, Kan. :</subfield><subfield code="b">A.B. Collins,</subfield><subfield code="c">1901-1904.</subfield></datafield><datafield ind1=" " ind2=" " tag="300"><subfield code="a">4 v. :</subfield><subfield code="b">ill. ;</subfield><subfield code="c">50 cm.</subfield></datafield><datafield ind1=" " ind2=" " tag="310"><subfield code="a">Weekly</subfield></datafield><datafield ind1="0" ind2=" " tag="362"><subfield code="a">Vol. 7, no. 12 (Nov. 14, 1901)-v. 10, no. 6 (Feb. 11, 1904).</subfield></datafield><datafield ind1=" " ind2=" " tag="752"><subfield code="a">United States</subfield><subfield code="b">Kansas</subfield><subfield code="c">Cloud</subfield><subfield code="d">Jamestown.</subfield></datafield><datafield ind1="0" ind2="0" tag="780"><subfield code="t">Kansas optimist (Jamestown, Kan. : 1895)</subfield><subfield code="w">(DLC)sn 83040995</subfield></datafield><datafield ind1="0" ind2="8" tag="785"><subfield code="t">Kansas optimist (Jamestown, Kan. : 1904)</subfield><subfield code="w">(DLC)sn 83040997</subfield></datafield></record>